<?xml version="1.0" encoding="UTF-8"?><collection xmlns="http://www.loc.gov/MARC21/slim"><record><leader>00406nam--2200145-i-4500</leader><controlfield tag="001">000049215</controlfield><controlfield tag="002">20161230</controlfield><controlfield tag="005">20161230201047</controlfield><controlfield tag="008">060222s1000------------r-----000-0-eng-d</controlfield><datafield ind1=" " ind2=" " tag="080"><subfield code="a">519.688</subfield></datafield><datafield ind1=" " ind2=" " tag="245"><subfield code="a">Algoritmicheskie metody v hekotoryh zadachah ypravleniia</subfield></datafield><datafield ind1=" " ind2=" " tag="260"><subfield code="a">Kishinev, Shtiinca, 1979. 96 S</subfield></datafield><datafield ind1=" " ind2=" " tag="490"><subfield code="a">Matematicheskie Iccledovaniia</subfield></datafield><datafield ind1=" " ind2=" " tag="852"><subfield code="a">45647</subfield><subfield code="c">517.9</subfield></datafield><datafield ind1=" " ind2=" " tag="CAT"><subfield code="a">Sys</subfield><subfield code="c">20081028</subfield><subfield code="h">123421</subfield></datafield></record></collection>